% You don't have to leave blank fields, but it doesn't hurt.
% We've left them here to show you what you can enter.

@article{Smith1970,
  author =  {R. L. Smith},
  title =   {The Velocities of Light},
  journal = {Am. J. Phys.},
  year =    {1970},
  volume =  {38},
  pages =   {978-983},
}

@book{AIP1990,
  author =    {AIP},
  editor =    {},
  title =     {AIP Style Manual},
  publisher = {American Institute of Physics},
  year =      {1990},
  volume =    {},
  number =    {},
  series =    {},
  address =   {Woodbury, NY},
  edition =   {4th},
  month =     {},
}

@article{Peatross2000,
  author =  {J. Peatross and S. A. Glasgow and M. Ware},
  title =   {Average energy flow of optical pulses dispersive media},
  journal = {Phys. Rev. Lett.},
  year =    {2000},
  volume =  {84},
  number =  {},
  pages =   {2370-2373},
  month =   {},
}

@book{Jackson1998,
  author = {J. D. Jackson},
  editor = {},
  title = {Classical Electrodynamics},
  publisher = {Wiley},
  year = {1998},
  volume = {},
  number = {},
  series = {},
  address = {New York},
  edition = {3rd},
  month = {},
  pages = {23},
}

@book{Born1980,
  author =    {M. Born and E. Wolf},
  editor =    {},
  title =     {Principles of Optics},
  publisher = {Wiley},
  year =      {1980},
  volume =    {},
  number =    {},
  series =    {},
  address =   {Oxford},
  edition =   {6th},
  month =     {},
  pages =     {20-23},
}

@inproceedings{Peatross1996,
  author =       {J. Peatross and J. Zhou and I. Christov and A. Rundquist and M. M. Murnane and H. C. Kapteyn},
  title =        {High-order harmonic generation with a 25 femtosecond laser pulse},
  booktitle =    {Proceedings of 4th Conference on Super Intense Laser-Atom Physics (SILAP IV, Moscow, Russia, August 1995)},
  year =         {1996},
  editor =       {H.G. Muller and M. V. Fedorov},
  volume =       {13},
  number =       {},
  series =       {High Technology},
  pages =        {455-466},
  address =      {Dordrecht/Boston/London},
  month =        {August},
  organization = {},
  publisher =    {Kluwer Academic Publishers},
}

% This is an example of how to enter a presentation.  Its not how the article type was designed, but works fine.
@article{Peatross1999,
  author =  {J. Peatross and W. E. Dibble and S. A. Glasgow and M. Ware},
  title =   {Energy Propagation of Broadband Light Pulses in Dispersive Systems},
  journal = {presented at the 15th Annual Interdisciplinary Laser Science Conference (OSA/ILS XV),},
  year =    {Santa Clara, CA, Sept. 1999}
}

@article{Ware,
  author =  {M. Ware and W. E. Dibble and S. A. Glasgow, and J. Peatross},
  title =   {Energy flow in angularly dispersive optical systems},
  year =    {to be published},
}

% This is an example of how to enter a thesis.  Its not how the article type was designed, but works fine.
@article{Peatross1993,
  author =  {J. Peatross},
  title =   {The far-field angular distribution of high-order harmonics produced light scattering from a thin low-density gas target},
  journal = {Ph.D. dissertation},
  year =    {University Rochester, Rochester, N.Y., 1993}
}

% This is an example of how to enter a web page.  Its not how the article type was designed, but works fine.
@article{Intel,
  author =  {K. David},
  title =   {Intel's EUV lithography process line},
  journal = {\href{http://www.intel.com/technology/silicon/lithography.htm}{\url{http://www.intel.com/technology/silicon/lithography.htm}}},
  year =    {Accessed April 15, 2006}
}

% This is an example of how to enter a private communication.  Its not how the article type was designed, but works fine.
@article{Peatross,
  author = {J. Peatross},
  journal = {Private communication},
  year    = {2008},

}

@article{Mermin1992,
  author  = {N. D. Mermin},
  title   = {What's wrong with those talks?},
  journal = {Physics Today},
  volume  = {45},
  page    = {9},
  year    = {1992},
}
